[gd_scene load_steps=2 format=2]

[sub_resource type="GDScript" id=1]
script/source = "extends Control


# Declare member variables here. Examples:
# var a = 2
# var b = \"text\"

export var CameraControl: NodePath

onready var cc = get_node(CameraControl)

# Called when the node enters the scene tree for the first time.
func _ready():
	pass # Replace with function body.


# Called every frame. 'delta' is the elapsed time since the previous frame.
#func _process(delta):
#	pass


func _on_Button_pressed():
	cc.camera_target_lat = $Panel/VBoxContainer/tpos/lat.text.to_float()
	cc.camera_target_long = $Panel/VBoxContainer/tpos/long.text.to_float()
	cc.camera_target_alt = $Panel/VBoxContainer/tpos/alt.text.to_float()
	cc.camera_azimuth = $Panel/VBoxContainer/cpos/azi.text.to_float()
	cc.camera_elevation = $Panel/VBoxContainer/cpos/elev.text.to_float()
	cc.camera_range = $Panel/VBoxContainer/cpos/range.text.to_float()
"

[node name="manual_positioner" type="Control"]
anchor_right = 1.0
anchor_bottom = 1.0
script = SubResource( 1 )
__meta__ = {
"_edit_use_anchors_": false
}

[node name="Panel" type="Panel" parent="."]
anchor_right = 1.0
anchor_bottom = 1.0
margin_left = 10.0
margin_top = 10.0
margin_right = -10.0
margin_bottom = -10.0

[node name="VBoxContainer" type="VBoxContainer" parent="Panel"]
anchor_right = 1.0
anchor_bottom = 1.0
alignment = 1
__meta__ = {
"_edit_use_anchors_": false
}

[node name="tpos" type="HBoxContainer" parent="Panel/VBoxContainer"]
margin_top = 252.0
margin_right = 1004.0
margin_bottom = 276.0
alignment = 1

[node name="lat" type="LineEdit" parent="Panel/VBoxContainer/tpos"]
margin_left = 411.0
margin_right = 469.0
margin_bottom = 24.0
placeholder_text = "Latitude"

[node name="long" type="LineEdit" parent="Panel/VBoxContainer/tpos"]
margin_left = 473.0
margin_right = 531.0
margin_bottom = 24.0
placeholder_text = "Longitude"

[node name="alt" type="LineEdit" parent="Panel/VBoxContainer/tpos"]
margin_left = 535.0
margin_right = 593.0
margin_bottom = 24.0
placeholder_text = "Altitude"

[node name="cpos" type="HBoxContainer" parent="Panel/VBoxContainer"]
margin_top = 280.0
margin_right = 1004.0
margin_bottom = 304.0
alignment = 1

[node name="azi" type="LineEdit" parent="Panel/VBoxContainer/cpos"]
margin_left = 411.0
margin_right = 469.0
margin_bottom = 24.0
placeholder_text = "Azimuth"

[node name="elev" type="LineEdit" parent="Panel/VBoxContainer/cpos"]
margin_left = 473.0
margin_right = 531.0
margin_bottom = 24.0
placeholder_text = "Elevation"

[node name="range" type="LineEdit" parent="Panel/VBoxContainer/cpos"]
margin_left = 535.0
margin_right = 593.0
margin_bottom = 24.0
placeholder_text = "Range"

[node name="Button" type="Button" parent="Panel/VBoxContainer"]
margin_top = 308.0
margin_right = 1004.0
margin_bottom = 328.0
text = "Apply"
flat = true
[connection signal="pressed" from="Panel/VBoxContainer/Button" to="." method="_on_Button_pressed"]
